@article{korel1990automated,
  title={Automated software test data generation},
  author={Korel, Bogdan},
  journal={IEEE Transactions on software engineering},
  volume={16},
  number={8},
  pages={870--879},
  year={1990},
  publisher={IEEE}
}

@article{khan2014importance,
  title={Importance of software testing in software development life cycle},
  author={Khan, Mohd Ehmer and Khan, Farmeena},
  journal={International Journal of Computer Science Issues (IJCSI)},
  volume={11},
  number={2},
  pages={120},
  year={2014},
  publisher={International Journal of Computer Science Issues (IJCSI)}
}

@inproceedings{bertolino2007software,
  title={Software testing research: Achievements, challenges, dreams},
  author={Bertolino, Antonia},
  booktitle={Future of Software Engineering (FOSE'07)},
  pages={85--103},
  year={2007},
  organization={IEEE}
}

@book{myers2011art,
  title={The art of software testing},
  author={Myers, Glenford J and Sandler, Corey and Badgett, Tom},
  year={2011},
  publisher={John Wiley \& Sons}
}

@book{pezze2008software,
  title={Software testing and analysis: process, principles, and techniques},
  author={Pezz{\`e}, Mauro and Young, Michal},
  year={2008},
  publisher={John Wiley \& Sons}
}